<collection xmlns="http://www.loc.gov/MARC21/slim">
<record>
  <leader>03033nam0a2200481 i 450 </leader>
  <controlfield tag="001">IT\ICCU\CNCE\041093</controlfield>
  <controlfield tag="005">20100315000000.0</controlfield>
  <datafield tag="012" ind1=" " ind2=" ">
    <subfield code="a">o-e- si2. t.do ripu (3) 1598 (R)</subfield>
    <subfield code="2">fei</subfield>
  </datafield>
  <datafield tag="100" ind1=" " ind2=" ">
    <subfield code="a">19981105d1598        0itac0103    ba</subfield>
  </datafield>
  <datafield tag="101" ind1=" " ind2=" ">
    <subfield code="a">LAT</subfield>
  </datafield>
  <datafield tag="102" ind1=" " ind2=" ">
    <subfield code="a">IT</subfield>
  </datafield>
  <datafield tag="200" ind1="1" ind2=" ">
    <subfield code="a">Decisiones r.p.d. Iacobi Putei, Sacri Palatii Apostolici causarum auditoris, &amp; s.r.e. cardinalis, ex causis, tam per ipsum, quam per alios d. auditores Rotae, in eodem sacro Palatio relatis, necnon ex communibus, &amp; concordibus eorundem auditorum votis, &amp;suffragijs, summa cura, singularique industria collectae, &amp; in tres libros diuisae. Hac nouissima editione reuisae, recognitae, restitutae, erroribusque, quibus scatebant expurgatae, summarijs, &amp; indice locupletatae</subfield>
  </datafield>
  <datafield tag="210" ind1=" " ind2=" ">
    <subfield code="a">Venetiis</subfield>
    <subfield code="c">apud Alexandrum de Vecchiis</subfield>
    <subfield code="d">1598</subfield>
    <subfield code="e">Venetiis</subfield>
    <subfield code="g">apud Marcum de Claseris</subfield>
    <subfield code="h">1598</subfield>
  </datafield>
  <datafield tag="215" ind1=" " ind2=" ">
    <subfield code="a">\128!, 671 \i.e. 651!, \1! p.</subfield>
    <subfield code="d">4ʻ</subfield>
  </datafield>
  <datafield tag="620" ind1=" " ind2=" ">
    <subfield code="a">IT</subfield>
    <subfield code="d">Venezia</subfield>
  </datafield>
  <datafield tag="710" ind1="0" ind2="2">
    <subfield code="a">Santa Sede</subfield>
    <subfield code="b"> : Sacra romana rota</subfield>
    <subfield code="3">IT\ICCU\CNCA\007323</subfield>
  </datafield>
  <datafield tag="702" ind1=" " ind2="1">
    <subfield code="a">Del_Pozzo,</subfield>
    <subfield code="b">Giacomo</subfield>
    <subfield code="3">IT\ICCU\CNCA\004742</subfield>
  </datafield>
  <datafield tag="712" ind1="0" ind2="0">
    <subfield code="a">Vecchi, Alessandro</subfield>
    <subfield code="3">IT\ICCU\CNCT\000785</subfield>
    <subfield code="4">650</subfield>
  </datafield>
  <datafield tag="712" ind1="0" ind2="0">
    <subfield code="a">Claseri, Marco</subfield>
    <subfield code="3">IT\ICCU\CNCT\000939</subfield>
    <subfield code="4">650</subfield>
  </datafield>
  <datafield tag="791" ind1="0" ind2="2">
    <subfield code="a">Officium Rotae</subfield>
    <subfield code="3">24131</subfield>
    <subfield code="z">Santa Sede : Sacra romana rota</subfield>
  </datafield>
  <datafield tag="790" ind1=" " ind2="1">
    <subfield code="a">Puteus,</subfield>
    <subfield code="b">Iacobus</subfield>
    <subfield code="3">IT\ICCU\CNCA\015313</subfield>
    <subfield code="z">Del_Pozzo, Giacomo</subfield>
  </datafield>
  <datafield tag="790" ind1=" " ind2="1">
    <subfield code="a">Pozzo,</subfield>
    <subfield code="b">Giacomo : del</subfield>
    <subfield code="3">IT\ICCU\CNCA\018390</subfield>
    <subfield code="z">Del_Pozzo, Giacomo</subfield>
  </datafield>
  <datafield tag="790" ind1=" " ind2="0">
    <subfield code="a">Iacobus</subfield>
    <subfield code="c"> : Puteus</subfield>
    <subfield code="3">IT\ICCU\CNCA\018444</subfield>
    <subfield code="z">Del_Pozzo, Giacomo</subfield>
  </datafield>
  <datafield tag="791" ind1="0" ind2="0">
    <subfield code="a">De_Vecchiis, Alexander</subfield>
    <subfield code="3">IT\ICCU\CNCT\004153</subfield>
    <subfield code="z">Vecchi, Alessandro</subfield>
  </datafield>
  <datafield tag="791" ind1="0" ind2="0">
    <subfield code="a">Vecchius, Alexander</subfield>
    <subfield code="3">IT\ICCU\CNCT\005860</subfield>
    <subfield code="z">Vecchi, Alessandro</subfield>
  </datafield>
  <datafield tag="791" ind1="0" ind2="0">
    <subfield code="a">Vecchia, Alessandro</subfield>
    <subfield code="3">IT\ICCU\CNCT\005861</subfield>
    <subfield code="z">Vecchi, Alessandro</subfield>
  </datafield>
  <datafield tag="791" ind1="0" ind2="0">
    <subfield code="a">Claseris, Marcus de</subfield>
    <subfield code="3">IT\ICCU\CNCT\004608</subfield>
    <subfield code="z">Claseri, Marco</subfield>
  </datafield>
  <datafield tag="801" ind1=" " ind2="3">
    <subfield code="a">IT</subfield>
    <subfield code="b">ICCU</subfield>
    <subfield code="c">20201114</subfield>
  </datafield>
  <datafield tag="899" ind1=" " ind2=" ">
    <subfield code="a">Biblioteca civica Romolo Spezioli. Fermo</subfield>
    <subfield code="1">AP0012</subfield>
    <subfield code="2">UMC FM</subfield>
  </datafield>
  <datafield tag="899" ind1=" " ind2=" ">
    <subfield code="a">Biblioteca civica A. Mai. Bergamo</subfield>
    <subfield code="1">BG0026</subfield>
    <subfield code="2">LO1 02</subfield>
  </datafield>
  <datafield tag="899" ind1=" " ind2=" ">
    <subfield code="a">Biblioteca provinciale dei frati minori cappuccini. Bologna</subfield>
    <subfield code="1">BO0342</subfield>
    <subfield code="2">PBE 94</subfield>
  </datafield>
  <datafield tag="899" ind1=" " ind2=" ">
    <subfield code="a"></subfield>
    <subfield code="1">BS0156</subfield>
    <subfield code="2">ZBS 07</subfield>
  </datafield>
  <datafield tag="899" ind1=" " ind2=" ">
    <subfield code="a">Biblioteca statale. Cremona</subfield>
    <subfield code="1">CR0062</subfield>
    <subfield code="2">LO1 28</subfield>
  </datafield>
  <datafield tag="899" ind1=" " ind2=" ">
    <subfield code="a">Biblioteca centrale della Facolt ̉di lettere e filosofia dell&apos;Universit ̉degli studi di Macerata. Macerata</subfield>
    <subfield code="1">MC0170</subfield>
    <subfield code="2">UMC BL</subfield>
  </datafield>
  <datafield tag="899" ind1=" " ind2=" ">
    <subfield code="a">Biblioteca Oliveriana. Pesaro</subfield>
    <subfield code="1">PU0061</subfield>
    <subfield code="2">URB OL</subfield>
  </datafield>
  <datafield tag="899" ind1=" " ind2=" ">
    <subfield code="a">Biblioteca nazionale centrale. Roma</subfield>
    <subfield code="1">RM0267</subfield>
    <subfield code="2">BVE CR</subfield>
  </datafield>
  <datafield tag="899" ind1=" " ind2=" ">
    <subfield code="a">Biblioteca Angelica. Roma</subfield>
    <subfield code="1">RM0290</subfield>
    <subfield code="2">RML 06</subfield>
  </datafield>
  <datafield tag="899" ind1=" " ind2=" ">
    <subfield code="a">Biblioteca dell&apos;Accademia musicale Chigiana. Siena</subfield>
    <subfield code="1">SI0051</subfield>
    <subfield code="2">RT1 PS</subfield>
  </datafield>
  <datafield tag="899" ind1=" " ind2=" ">
    <subfield code="a">Biblioteca civica Pio Rajna. Sondrio</subfield>
    <subfield code="1">SO0040</subfield>
    <subfield code="2">ZSO 01</subfield>
  </datafield>
  <datafield tag="899" ind1=" " ind2=" ">
    <subfield code="a">Biblioteca civica Corrado  Martinetti. Sarzana</subfield>
    <subfield code="1">SP0059</subfield>
    <subfield code="2">LI2 L6</subfield>
  </datafield>
  <datafield tag="899" ind1=" " ind2=" ">
    <subfield code="a">Biblioteca della Facolt ̉di giurisprudenza dell&apos;Universit ̉degli Studi di Teramo. Teramo</subfield>
    <subfield code="1">TE0045</subfield>
    <subfield code="2">ABR R3</subfield>
  </datafield>
  <datafield tag="911" ind1=" " ind2=" ">
    <subfield code="a">sul front.</subfield>
    <subfield code="9">IT\ICCU\CNCM\000721</subfield>
  </datafield>
  <datafield tag="921" ind1=" " ind2=" ">
    <subfield code="a">IT\ICCU\CNCM\000721</subfield>
    <subfield code="b">Ramo di rose con tre fiori. In cornice figurata</subfield>
    <subfield code="e">Dabo omnibus gratum odorem.</subfield>
    <subfield code="c">V504</subfield>
    <subfield code="f">DABOOMNIBU</subfield>
    <subfield code="f">FIORI</subfield>
    <subfield code="f">RAMO</subfield>
    <subfield code="f">ROSE</subfield>
    <subfield code="g">1597-1599</subfield>
  </datafield>
</record>
</collection>
